<record><leader>00000cas a2200000 a 4500</leader><controlfield tag="001">18100111</controlfield><controlfield tag="008">880616d19141919miudn ne      0    0eng c</controlfield><datafield ind1=" " ind2=" " tag="010"><subfield code="a">sn 88086195 </subfield></datafield><datafield ind1=" " ind2=" " tag="040"><subfield code="a">NPV</subfield><subfield code="b">eng</subfield><subfield code="c">NPV</subfield><subfield code="d">MHN</subfield><subfield code="d">OCL</subfield><subfield code="d">OCLCQ</subfield><subfield code="d">MHN</subfield><subfield code="d">OCLCQ</subfield><subfield code="d">OCLCF</subfield></datafield><datafield ind1="1" ind2=" " tag="029"><subfield code="a">AU@</subfield><subfield code="b">000041128911</subfield></datafield><datafield ind1=" " ind2=" " tag="042"><subfield code="a">pcc</subfield></datafield><datafield ind1=" " ind2=" " tag="043"><subfield code="a">n-us-mi</subfield></datafield><datafield ind1="0" ind2="4" tag="245"><subfield code="a">The Marshall news-statesman.</subfield></datafield><datafield ind1="1" ind2="3" tag="246"><subfield code="a">News-statesman</subfield></datafield><datafield ind1=" " ind2=" " tag="260"><subfield code="a">Marshall, Mich. :</subfield><subfield code="b">Statesman Co.,</subfield><subfield code="c">1914-1919.</subfield></datafield><datafield ind1=" " ind2=" " tag="300"><subfield code="a">v.</subfield></datafield><datafield ind1=" " ind2=" " tag="310"><subfield code="a">Daily (except Sunday)</subfield></datafield><datafield ind1="0" ind2=" " tag="362"><subfield code="a">Vol. 6, 75th yr. (Feb. 11, 1914)-v. 8 (Feb. 11, 1916) ; 77th yr. (Feb 12, 1916)-78th yr. (June 14, 1919).</subfield></datafield><datafield ind1=" " ind2=" " tag="580"><subfield code="a">Formed by the union of: Evening statesman (Marshall, Mich. : 1911), and: Marshall daily news.</subfield></datafield><datafield ind1=" " ind2=" " tag="580"><subfield code="a">Weekly ed. : Weekly Marshall news-statesman.</subfield></datafield><datafield ind1=" " ind2="0" tag="651"><subfield code="a">Marshall (Mich.)</subfield><subfield code="v">Newspapers.</subfield></datafield><datafield ind1=" " ind2="0" tag="651"><subfield code="a">Calhoun County (Mich.)</subfield><subfield code="v">Newspapers.</subfield></datafield><datafield ind1=" " ind2="7" tag="655"><subfield code="a">Newspapers.</subfield><subfield code="2">fast</subfield><subfield code="0">(OCoLC)fst01423814</subfield></datafield><datafield ind1=" " ind2="7" tag="651"><subfield code="a">Michigan</subfield><subfield code="z">Calhoun County.</subfield><subfield code="2">fast</subfield><subfield code="0">(OCoLC)fst01214761</subfield></datafield><datafield ind1=" " ind2="7" tag="651"><subfield code="a">Michigan</subfield><subfield code="z">Marshall.</subfield><subfield code="2">fast</subfield><subfield code="0">(OCoLC)fst01219646</subfield></datafield><datafield ind1=" " ind2=" " tag="752"><subfield code="a">United States</subfield><subfield code="b">Michigan</subfield><subfield code="c">Calhoun</subfield><subfield code="d">Marshall.</subfield></datafield><datafield ind1="1" ind2=" " tag="775"><subfield code="t">Weekly Marshall news-statesman</subfield><subfield code="w">(DLC)sn 97070640</subfield><subfield code="w">(OCoLC)38170495</subfield></datafield><datafield ind1="1" ind2="4" tag="780"><subfield code="t">Evening statesman (Marshall, Mich. : 1911)</subfield><subfield code="w">(DLC)sn 88086194</subfield><subfield code="w">(OCoLC)18100006</subfield></datafield><datafield ind1="1" ind2="4" tag="780"><subfield code="t">Marshall daily news</subfield><subfield code="w">(DLC)sn 88086197</subfield><subfield code="w">(OCoLC)18102857</subfield></datafield><datafield ind1="0" ind2="4" tag="785"><subfield code="t">Marshall evening chronicle</subfield><subfield code="w">(DLC)sn 88086202</subfield><subfield code="w">(OCoLC)18110507</subfield></datafield></record>